<?xml version="1.0" encoding="UTF-8"?><record xmlns="http://www.loc.gov/MARC21/slim" xmlns:cinclude="http://apache.org/cocoon/include/1.0" xmlns:zs="http://www.loc.gov/zing/srw/">
  <leader>00457cz  a2200133n  4500</leader>
  <controlfield tag="001">n  84147654 </controlfield>
  <controlfield tag="003">DLC</controlfield>
  <controlfield tag="005">20081122081142.0</controlfield>
  <controlfield tag="008">841211n| acannaabn          |n ana      </controlfield>
  <datafield tag="010" ind1=" " ind2=" ">
    <subfield code="a">n  84147654 </subfield>
  </datafield>
  <datafield tag="035" ind1=" " ind2=" ">
    <subfield code="a">(OCoLC)oca01229915</subfield>
  </datafield>
  <datafield tag="040" ind1=" " ind2=" ">
    <subfield code="a">DLC</subfield>
    <subfield code="b">eng</subfield>
    <subfield code="c">DLC</subfield>
    <subfield code="d">DLC</subfield>
    <subfield code="d">OCoLC</subfield>
  </datafield>
  <datafield tag="110" ind1="2" ind2=" ">
    <subfield code="a">Hiroshima Iryō Seikatsu Kyōdō Kumiai</subfield>
  </datafield>
  <datafield tag="670" ind1=" " ind2=" ">
    <subfield code="a">Pika ni yakarete ... Dai 3-shū (1979):</subfield>
    <subfield code="b">t.p. (Hiroshima Iryō Seikatsu Kyōdō Kumiai) colophon (Hdqrs. at Hiroshima-shi)</subfield>
  </datafield>
</record>